<?xml version="1.0" encoding="UTF-8"?>
<collection xmlns:xsi="http://www.w3.org/2001/XMLSchema-instance" xsi:schemaLocation="http://www.loc.gov/MARC21/slim http://www.loc.gov/standards/marcxml/schema/MARC21slim.xsd" xmlns="http://www.loc.gov/MARC21/slim">
<record>
  <leader>01837cam a22003851a 4500</leader>
  <controlfield tag="001">3366789</controlfield>
  <controlfield tag="003">NNC</controlfield>
  <controlfield tag="005">20140126215702.0</controlfield>
  <controlfield tag="008">930728m19501957ua            000 0 ara d</controlfield>
  <datafield tag="010" ind1=" " ind2=" ">
    <subfield code="a">   70960402 </subfield>
  </datafield>
  <datafield tag="020" ind1=" " ind2=" ">
    <subfield code="c">3.00</subfield>
  </datafield>
  <datafield tag="035" ind1=" " ind2=" ">
    <subfield code="a">(OCoLC)417471559</subfield>
  </datafield>
  <datafield tag="035" ind1=" " ind2=" ">
    <subfield code="a">(OCoLC)ocn417471559</subfield>
  </datafield>
  <datafield tag="035" ind1=" " ind2=" ">
    <subfield code="9">AVD0952CU</subfield>
  </datafield>
  <datafield tag="035" ind1=" " ind2=" ">
    <subfield code="a">(NNC)3366789</subfield>
  </datafield>
  <datafield tag="040" ind1=" " ind2=" ">
    <subfield code="c">NN</subfield>
    <subfield code="d">NN</subfield>
    <subfield code="d">NNU</subfield>
    <subfield code="d">CtY</subfield>
    <subfield code="d">UaCaAUL</subfield>
    <subfield code="d">UkOxU</subfield>
  </datafield>
  <datafield tag="050" ind1="0" ind2=" ">
    <subfield code="a">PJ7741</subfield>
    <subfield code="b">.B3 1950</subfield>
  </datafield>
  <datafield tag="066" ind1=" " ind2=" ">
    <subfield code="c">(3</subfield>
  </datafield>
  <datafield tag="090" ind1=" " ind2=" ">
    <subfield code="a">PJ7701</subfield>
    <subfield code="b">Bas.3</subfield>
  </datafield>
  <datafield tag="100" ind1="0" ind2=" ">
    <subfield code="6">880-01</subfield>
    <subfield code="a">Bashshār ibn Burd,</subfield>
    <subfield code="d">-783 or 784.</subfield>
  </datafield>
  <datafield tag="240" ind1="1" ind2="0">
    <subfield code="a">Poems</subfield>
  </datafield>
  <datafield tag="245" ind1="1" ind2="0">
    <subfield code="6">880-02</subfield>
    <subfield code="a">Dīwān Bashshār ibn Burd /</subfield>
    <subfield code="c">li-nāshirihi wa-muqaddimihi wa-shāriḥihi wa-mukammilihi Muḥammad al-Ṭāhir Ibn ʻĀshūr ; ʻallaqa ʻalayhi wa-waqafa ʻalā ṭabʻihi Muḥammad Rifʻat Fatḥ Allāh wa-Muḥammad Shawqī Amīn.</subfield>
  </datafield>
  <datafield tag="260" ind1=" " ind2=" ">
    <subfield code="6">880-03</subfield>
    <subfield code="a">al-Qāhirah :</subfield>
    <subfield code="b">Lajnat al-Taʾlīf wa-al-Tarjamah wa-al-Nashr,</subfield>
    <subfield code="c">1950-1957.</subfield>
  </datafield>
  <datafield tag="300" ind1=" " ind2=" ">
    <subfield code="a">3 v. ;</subfield>
    <subfield code="c">24 cm.</subfield>
  </datafield>
  <datafield tag="700" ind1="1" ind2=" ">
    <subfield code="6">880-04</subfield>
    <subfield code="a">Ibn ʻĀshūr, Muḥammad al-Ṭāhir,</subfield>
    <subfield code="d">1879-1973.</subfield>
  </datafield>
  <datafield tag="700" ind1="1" ind2=" ">
    <subfield code="6">880-05</subfield>
    <subfield code="a">Fatḥ Allāh, Muḥammad Rifʻat.</subfield>
  </datafield>
  <datafield tag="700" ind1="1" ind2=" ">
    <subfield code="6">880-06</subfield>
    <subfield code="a">Amīn, Muḥammad Shawqī.</subfield>
  </datafield>
  <datafield tag="880" ind1="0" ind2=" ">
    <subfield code="6">100-01/(3/r</subfield>
    <subfield code="a">بشار بن برد,</subfield>
    <subfield code="d">-783 or 784.</subfield>
  </datafield>
  <datafield tag="880" ind1="1" ind2="0">
    <subfield code="6">245-02/(3/r</subfield>
    <subfield code="a">ديوان بشار بن برد /</subfield>
    <subfield code="c">لناشره ومقدمه وشارحه ومكمله محمد الطاهرابن عاشور ؛ علق عليه ووقف على طبعه محمد رفعت فتح الله ومحمد شوقي أمين.</subfield>
  </datafield>
  <datafield tag="880" ind1=" " ind2=" ">
    <subfield code="6">260-03/(3/r</subfield>
    <subfield code="a">القاهرة :</subfield>
    <subfield code="b">لجنة التأليف والترجمة والنشر،</subfield>
    <subfield code="c">١٩٥٠-١٩٥٧.</subfield>
  </datafield>
  <datafield tag="880" ind1="1" ind2=" ">
    <subfield code="6">700-04/(3/r</subfield>
    <subfield code="a">ابن عاشور، محمد الطاهر,</subfield>
    <subfield code="d">1879-1973.</subfield>
  </datafield>
  <datafield tag="880" ind1="1" ind2=" ">
    <subfield code="6">700-05/(3/r</subfield>
    <subfield code="a">فتح الله، محمد رفعت.</subfield>
  </datafield>
  <datafield tag="880" ind1="1" ind2=" ">
    <subfield code="6">700-06/(3/r</subfield>
    <subfield code="a">أمين، محمد شوقي.</subfield>
  </datafield>
  <datafield tag="955" ind1=" " ind2=" ">
    <subfield code="b">0026815389</subfield>
    <subfield code="d">glx</subfield>
    <subfield code="e">893.7B294 I</subfield>
    <subfield code="v">v.1-2</subfield>
  </datafield>
</record>
</collection>